<?xml version="1.0" encoding="UTF-8"?><collection xmlns="http://www.loc.gov/MARC21/slim"><record><leader>00464nam--2200181-i-4500</leader><controlfield tag="001">000044388</controlfield><controlfield tag="002">20161230</controlfield><controlfield tag="005">20161230201044</controlfield><controlfield tag="008">060222s1000------------r-----000-0-eng-d</controlfield><datafield ind1=" " ind2=" " tag="080"><subfield code="a">517.555</subfield></datafield><datafield ind1=" " ind2=" " tag="100"><subfield code="a">Boas, Ralph Philip, Jr</subfield></datafield><datafield ind1=" " ind2=" " tag="245"><subfield code="a">Entire functions</subfield></datafield><datafield ind1=" " ind2=" " tag="260"><subfield code="a">New York, Academic Press, 1954</subfield></datafield><datafield ind1=" " ind2=" " tag="300"><subfield code="a">276 p</subfield></datafield><datafield ind1=" " ind2=" " tag="490"><subfield code="a">Pure and Applied Mathematics</subfield><subfield code="v">vol. V</subfield></datafield><datafield ind1=" " ind2=" " tag="700"><subfield code="a">Boas,Ralph Philip Jr</subfield></datafield><datafield ind1=" " ind2=" " tag="852"><subfield code="a">13669</subfield></datafield><datafield ind1=" " ind2=" " tag="CAT"><subfield code="a">Sys</subfield><subfield code="c">20080401</subfield><subfield code="h">113651</subfield></datafield></record></collection>